@article{mccann2000packet,
  title={Packet types: abstract specification of network protocol messages},
  author={McCann, Peter J and Chandra, Satish},
  journal={ACM SIGCOMM Computer Communication Review},
  volume={30},
  number={4},
  pages={321--333},
  year={2000},
  publisher={ACM}
}

@inproceedings{madhavapeddy2007melange,
  title={Melange: Creating a ``Functional'' Internet},
  author={Madhavapeddy, Anil and Ho, Alex and Deegan, Tim and Scott, David and Sohan, Ripduman},
  booktitle={ACM SIGOPS Operating Systems Review},
  volume={41},
  number={3},
  pages={101--114},
  year={2007},
  organization={ACM}
}

@inproceedings{fisher2005pads,
  title={{PADS}: a domain-specific language for processing ad hoc data},
  author={Fisher, Kathleen and Gruber, Robert},
  booktitle={ACM Sigplan Notices},
  volume={40},
  number={6},
  pages={295--304},
  year={2005},
  organization={ACM}
}

@inproceedings{back2002datascript,
  title={DataScript-A specification and scripting language for binary data},
  author={Back, Godmar},
  booktitle={International Conference on Generative Programming and Component Engineering},
  pages={66--77},
  year={2002},
  organization={Springer}
}

@article{bosshart2014p4,
  title={P4: Programming protocol-independent packet processors},
  author={Bosshart, Pat and Daly, Dan and Gibb, Glen and Izzard, Martin and McKeown, Nick and Rexford, Jennifer and Schlesinger, Cole and Talayco, Dan and Vahdat, Amin and Varghese, George and others},
  journal={ACM SIGCOMM Computer Communication Review},
  volume={44},
  number={3},
  pages={87--95},
  year={2014},
  publisher={ACM}
}