@misc{draft-ietf-quic-transport-latest,
  author="Jana Iyengar and Martin Thomson",
  title="{{QUIC}: A UDP-Based Multiplexed and Secure Transport}",
  howpublished="draft-ietf-quic-transport-latest",
  organization="{IETF}",
  year=2018,
  month=jun,
}